@misc{1_mougayar_2015,
author={Mougayar, William},
title={Understanding the blockchain},
url={https://www.oreilly.com/ideas/understanding-the-blockchain},
urldate={2016-10-9},
journal={O'Reilly Media},
year={2015}
},

@misc{2_buterin_2016,
author={Buterin, Vitalik},
title={Visions, Part 1: The Value of Blockchain Technology - Ethereum Blog},
url={https://blog.ethereum.org/2015/04/13/visions-part-1-the-value-of-blockchain-technology/},
urldate={2016-11-14},
journal={Ethereum Blog},
year={2016}
},

@misc{3_noizat_2016,
author={Noizat, Pierre},
title={Blockchain Electronic Vote},
url={http://www.the-blockchain.com/docs/blockchain-electronic-vote.pdf},
urldate={2016-11-17},
year={2016}
},

@misc{4_driscoll_2016,
author={Driscoll, Scott},
title={Introduction to Bitcoin and Decentralized Technology | Pluralsight},
url={https://app.pluralsight.com/library/courses/bitcoin-decentralized-technology/table-of-contents},
urldate={2016-11-30},
journal={App.pluralsight.com},
year={2016}
},

@misc{5_bismark_2010,
author={Bismark, David},
title={E-voting without fraud},
url={http://www.ted.com/talks/david_bismark_e_voting_without_fraud},
urldate={2016-12-1},
journal={Ted.com},
year={2010}
},

@misc{6_daniel_2015,
author={Daniel, Matthew},
title={Blockchain Technology: The Key to Secure Online Voting},
url={https://bitcoinmagazine.com/articles/blockchain-technology-key-secure-online-voting-1435443899},
urldate={2016-12-1},
journal={Bitcoin Magazine},
year={2015}
},

@book{7_microsoft_research_2006,
author={Microsoft Research},
title={Simple Verifiable Elections},
url={http://research.microsoft.com/en-us/um/people/benaloh/papers/sve-evt06.pdf},
urldate={2016-12-1},
year={2006}
},

@book{8_itbit_2015,
author={itBit},
title={Bitcoin, Blockchain, and the Future of Financial Transactions},
place={New York and Singapore},
url={http://www.the-blockchain.com/docs/Bitcoin,%20Blockchain,%20and%20the%20Future%20of%20Financial%20Transactions.pdf},
urldate={2016-12-2},
institution={cfapubs.org},
year={2015}
},

@book{9_kaye_scholer_2016,
author={KAYE SCHOLER},
title={An Introduction to Bitcoin and Blockchain Technology},
url={http://www.kayescholer.com/docs/IntrotoBitcoinandBlockchainTechnology.pdf},
urldate={2016-12-2},
institution={KAYE SCHOLER},
year={2016}
},

@book{10_itbit_2015,
author={itBit},
title={Five-Minute Bitcoin Primer: What is Bitcoin and How Does it Work?},
url={https://cdn2.hubspot.net/hub/424565/file-2382046756-pdf/itBit_Five-Minute_Bitcoin_Primer_-_What_is_Bitcoin_and_How_Does_it_Work.pdf?t=1446765105287},
urldate={2016-12-2},
year={2015}
},

@misc{11_help_introduction_bitcoin_wiki_2016,
url={https://en.bitcoin.it/wiki/Help:Introduction#Capitalization_.2F_Nomenclature},
urldate={2016-12-2},
journal={En.bitcoin.it},
year={2016}
},

@book{12_nakamoto_2008,
author={Nakamoto, Satoshi},
title={Bitcoin: A Peer-to-Peer Electronic Cash System},
url={https://bitcoin.org/bitcoin.pdf},
urldate={2016-12-2},
year={2008}
},

@misc{13_nakamoto_2009,
author={Nakamoto, Satoshi},
title={Bitcoin v0.1 released},
url={http://www.metzdowd.com/pipermail/cryptography/2009-January/014994.html},
urldate={2016-12-2},
journal={Metzdowd.com},
year={2009}
},

@misc{14_bitcoin_2009,
url={https://github.com/bitcoin/bitcoin},
urldate={2016-12-2},
journal={GitHub},
year={2009}
},

@misc{15_liberty_reserve_2014,
url={http://www.investopedia.com/terms/l/liberty-reserve.asp},
urldate={2016-12-3},
journal={Investopedia},
year={2014}
},

@misc{16_jackson_2007,
author={Jackson, Douglas},
title={e-gold is...},
url={http://blog.e-gold.com/2007/08/e-gold-is.html},
urldate={2016-12-3},
journal={e-gold blog},
year={2007}
},

@misc{17_thorpe_2016,
author={Thorpe, Simon},
title={All you want to know about Blockchain but were afraid to ask},
url={https://www.linkedin.com/pulse/all-you-want-know-blockchain-were-afraid-ask-simon-thorpe},
urldate={2016-12-3},
journal={LinkedIn Post},
year={2016}
},

@book{18_lamport_shostak_pease_1982,
author={Lamport, Leslie and Shostak, Robert and Pease, Marshall},
title={The Byzantine Generals Problem},
url={http://research.microsoft.com/en-us/um/people/lamport/pubs/byz.pdf},
urldate={2016-12-3},
year={1982}
},

@misc{19_campbell_2015,
author={Campbell, Dug},
title={The Byzantine Generals' Problem - dugcampbell.com},
url={http://www.dugcampbell.com/byzantine-generals-problem/},
urldate={2016-12-3},
journal={dugcampbell.com},
year={2015}
},

@misc{20_developer_guide_bitcoin_2016,
url={https://bitcoin.org/en/developer-guide#proof-of-work},
urldate={2016-12-3},
journal={Bitcoin.org},
year={2016}
},

@misc{21_zimbabwe_phases_out_local_currency_at_35_quadrillion_to_us_2015,
url={https://www.rt.com/business/267244-zimbabwe-currency-compensation-hyperinflation/},
urldate={2016-12-3},
journal={RT International},
year={2015}
},

@book{22_brave_new_coin_2016,
author={Brave New Coin},
title={A gentle introduction to blockchain},
url={http://www.the-blockchain.com/docs/A-gentle-introduction-to-blockchain-technology-web.pdf},
urldate={2016-12-3},
year={2016}
},

@misc{23_customer_support_2016,
url={https://www.paypal.com/selfhelp/article/FAQ915},
urldate={2016-12-3},
journal={Paypal.com},
year={2016}
},

@misc{24_distributed_ledgers_and_blockchain_technology_2016,
url={http://www.blockchaintechnologies.com/blockchain-definition},
urldate={2016-12-3},
journal={Blockchain Technologies},
year={2016}
},

@misc{25_blockchain_size_2016,
url={https://blockchain.info/charts/blocks-size?timespan=all},
urldate={2016-12-3},
journal={Blockchain.info},
year={2016}
},

@misc{26_blockchain_mining_-_distributed_ledgers_and_blockchain_technology_2016,
url={http://www.blockchaintechnologies.com/blockchain-mining},
urldate={2016-12-3},
journal={Blockchain Technologies},
year={2016}
},

@misc{27_confirmation_-_bitcoin_wiki_2016,
url={https://en.bitcoin.it/wiki/Confirmation},
urldate={2016-12-3},
journal={En.bitcoin.it},
year={2016}
},

@misc{28_anonymity_2016,
url={http://bitcoinsimplified.org/learn-more/anonymity/},
urldate={2016-12-4},
journal={Bitcoin simplified.},
year={2016}
},

@misc{29_wenger_2013,
author={Wenger, Albert},
title={Bitcoin As Protocol | Union Square Ventures},
url={https://www.usv.com/blog/bitcoin-as-protocol},
urldate={2016-12-5},
journal={Usv.com},
year={2013}
},

@misc{30_transactions_-_bitcoin_wiki_2016,
url={https://en.bitcoin.it/wiki/Transaction},
urldate={2016-12-5},
journal={En.bitcoin.it},
year={2016}
},

@misc{31_script_-_bitcoin_wiki_2016,
url={https://en.bitcoin.it/wiki/Script},
urldate={2016-12-5},
journal={En.bitcoin.it},
year={2016}
},

@misc{32_de_rosa_2015,
author={De Rosa, Davide},
title={Standard scripts},
url={http://davidederosa.com/basic-blockchain-programming/standard-scripts/},
urldate={2016-12-5},
journal={Davidederosa.com},
year={2015}
},

@misc{33_kofler_2014,
author={Kofler, Roland},
title={Thinking in Transactions},
url={https://bitcoinmagazine.com/articles/thinking-transactions-1401650873},
urldate={2016-12-5},
journal={Bitcoin Magazine},
year={2014}
},

@misc{34_hash_per_second_bitcoin_wiki_2016,
url={https://en.bitcoin.it/wiki/Hash_per_second},
urldate={2016-12-6},
journal={En.bitcoin.it},
year={2016}
},

@misc{35_nielsen_2013,
author={Nielsen, Michael},
title={How the Bitcoin protocol actually works},
url={http://www.michaelnielsen.org/ddi/how-the-bitcoin-protocol-actually-works/},
urldate={2016-12-6},
journal={Michaelnielsen.org},
year={2013}
},

@misc{36_multisignature_bitcoin_wiki_2016,
url={https://en.bitcoin.it/wiki/Multisignature},
urldate={2016-12-7},
journal={En.bitcoin.it},
year={2016}
},

@misc{37_davenport_2015,
author={Davenport, Ben},
title={What is Multi-Sig, and What Can It Do? |         Coin Center},
url={https://coincenter.org/entry/what-is-multi-sig-and-what-can-it-do},
urldate={2016-12-7},
journal={Coincenter.org},
year={2015}
},

@misc{38_proof_of_work_-_masterpage_2016,
url={http://redpinata-development.com/bitcoin-academy/index.php/reader/items/proof-of-work.html},
urldate={2016-12-7},
journal={Redpinata-development.com},
year={2016}
},

@misc{39_pour_2014,
author={Pour, Soroush},
title={Bitcoin multisig the hard way: Understanding raw P2SH multisig transactions},
url={http://www.soroushjp.com/2014/12/20/bitcoin-multisig-the-hard-way-understanding-raw-multisignature-bitcoin-transactions/},
urldate={2016-12-7},
journal={Soroush Pour},
year={2014}
},

@misc{40_khaliq_2015,
author={Khaliq, Azzief},
title={The Good, The Bad And The Ugly Of Bitcoin Security},
url={http://www.hongkiat.com/blog/bitcoin-security/},
urldate={2016-12-7},
journal={HKDC},
year={2015}
},

@misc{41_yang_2011,
author={Yang, Edward Z},
title={The Cryptography of Bitcoin :  Inside 736-131},
url={http://blog.ezyang.com/2011/06/the-cryptography-of-bitcoin/},
urldate={2016-12-7},
journal={Blog.ezyang.com},
year={2011}
},

@misc{42_liu_2014,
author={Liu, Alec},
title={Bitcoin's Fatal Flaw Was Nearly Exposed},
url={http://motherboard.vice.com/blog/bitcoins-fatal-flaw-was-nearly-exposed},
urldate={2016-12-7},
journal={Motherboard},
year={2014}
},

@misc{43_ernest_2014,
author={Ernest, Adam},
title={The Key To Unlocking The Black Box: Why The World Needs A Transparent Voting DAC},
url={https://followmyvote.com/wp-content/uploads/2014/08/The-Key-To-Unlocking-The-Black-Box-Follow-My-Vote.pdf},
urldate={2016-12-15},
year={2014}
},

@misc{44_wyndham_chen_das_2016,
author={Wyndham, Willem and Chen, Spencer and Das, Saurav},
title={Proposal For Secure Electronic Voting},
url={http://www.economist.com/sites/default/files/maryland_cyber_ctr.pdf},
urldate={2016-12-15},
year={2016}
},

@misc{45_holmes_2016,
author={Holmes, Briony},
title={Blockchain voting systems offer transparency and security » Brave New Coin},
url={http://bravenewcoin.com/news/blockchain-voting-systems-offer-transparency-and-security/},
urldate={2016-12-16},
journal={Bravenewcoin.com},
year={2016}
},

@misc{46_voting_system_standards_testing_and_certification_2016,
url={http://www.ncsl.org/research/elections-and-campaigns/voting-system-standards-testing-and-certification.aspx},
urldate={2016-12-17},
journal={Ncsl.org},
year={2016}
},

@misc{47_petride_2016,
author={Petride, Sabina},
title={Security Properties for Electronic Voting},
url={http://www.cs.cornell.edu/courses/cs513/2002sp/proj.00.StuSolns/sp2580.htm},
urldate={2016-12-18},
journal={Cs.cornell.edu},
year={2016}
},

@book{48_safevote_2001,
author={Safevote},
title={Voting System Requirements},
url={http://www.thebell.net/papers/vote-req.pdf},
urldate={2016-12-19},
institution={Safevote*},
year={2001}
},

@book{49_escala_guasch_herranz_morillo_2015,
author={Escala, Alex and Guasch, Sandra and Herranz, Javier and Morillo, Paz},
title={Universal Cast-as-Intended Verifiability},
url={https://fc16.ifca.ai/voting/papers/EGHM16.pdf},
urldate={2016-12-21},
year={2015}
},

@misc{50_ben-sasson_chiesa_garman_green_miers_tromer_virza_2014,
author={Ben-Sasson, Eli and Chiesa, Alessandro and Garman, Christina and Green, Matthew and Miers, Ian and Tromer, Eran and Virza, Madars},
title={Zerocash: Decentralized Anonymous Payments from Bitcoin},
url={http://zerocash-project.org/media/pdf/zerocash-oakland2014.pdf},
urldate={2016-12-21},
year={2014}
},

@misc{51_kowalkowski_2017,
title={Study of a Docker use-case for HEP},
url={http://cd-docdb.fnal.gov/cgi-bin/RetrieveFile?docid=5693&filename=docker-study.pdf&version=2},
journal={Cd-docdb.fnal.gov},
author={Kowalkowski, Jim},
year={2017}
},

@misc{52_scherensstraat_2017,
title={Use Case: Running Docker Containers},
url={http://www.in4it.io/usecases/use-case-docker-containers-production.pdf},
author={Scherensstraat, Jef},
year={2017}
},

@misc{53_security_risks_and_benefits_of_docker_application_containers_2017,
url={https://zeltser.com/security-risks-and-benefits-of-docker-application/},
journal={Zeltser.com},
year={2017}
},

@misc{54_ethereum_explained_2017,
url={https://steemit.com/ethereum/@najoh/ethereum-explained-for-beginners},
journal={Steemit.com},
year={2017}
},

@misc{55_what_is_ethereum_a_step-by-step_beginners_guide_2017,
url={https://blockgeeks.com/guides/what-is-ethereum/},
journal={Blockgeeks},
year={2017}
},

@misc{56_ethereum_2017,
title={What is the Gas in Ethereum?},
url={https://www.cryptocompare.com/coins/guides/what-is-the-gas-in-ethereum/},
journal={CryptoCompare},
author={Ethereum?, What},
year={2017}
},

@misc{57_introduction_ethereum_frontier_guide_2017,
url={https://ethereum.gitbooks.io/frontier-guide/content/},
journal={Ethereum.gitbooks.io},
year={2017}
},

@misc{58_the_hitchhikers_guide_to_smart_contracts_in_ethereum_2017,
url={https://medium.com/zeppelin-blog/the-hitchhikers-guide-to-smart-contracts-in-ethereum-848f08001f05},
journal={Medium},
year={2017}
},

@misc{59_peyrott_senanayaka_2017,
title={An Introduction to Ethereum and Smart Contracts: a Programmable Blockchain},
url={https://auth0.com/blog/an-introduction-to-ethereum-and-smart-contracts-part-2/},
journal={Auth0 - Blog},
author={Peyrott, Sebastian and Senanayaka, Thameera},
year={2017}
},

@misc{60_flint_2017,
title={Ballots and Bitcoins},
url={https://github.com/Mattie432/Blockchain-Voting-System/raw/master/Paper/Scientific-Paper/Scientific-Paper.pdf},
author={Flint, Matthew},
year={2017}
},

@misc{61_ethereum_viper_2017,
url={https://github.com/ethereum/viper},
journal={GitHub},
year={2017}
},

@misc{62_pipermerriam_web3.py_2017,
url={https://github.com/pipermerriam/web3.py},
journal={GitHub},
year={2017}
},

@misc{63_twisted_2017,
url={https://twistedmatrix.com/trac/},
journal={Twistedmatrix.com},
year={2017}
},

@misc{64_ryan_2017,
title={Blind signatures},
url={https://www.cs.bham.ac.uk/~mdr/teaching/modules06/netsec/lectures/blind_sigs.html},
journal={cs.bham.ac.uk},
author={Ryan, Mark},
year={2017}
},

@misc{65_bellovin_2015,
title={Cryptography: Authentication, Blind Signatures, and Digital Cash},
url={http://wwwf.imperial.ac.uk/~rbellovi/writings/chaum.pdf},
author={Bellovin, Rebecca},
year={2015}
},

@misc{66_pycrypto_the_python_cryptography_toolkit_2017,
url={https://www.dlitz.net/software/pycrypto/},
journal={Dlitz.net},
year={2017}
},


@misc{67_kobel_2017,
title={Create full Ethereum wallet, keypair and address},
url={https://kobl.one/blog/create-full-ethereum-keypair-and-address/},
journal={Kobl.one},
author={Kobel, Vincent},
year={2017}
},

@misc{68_curtice_2017,
title={Brexit ? six months on: Public opinion  ?  UK in a changing Europe},
url={http://ukandeu.ac.uk/public-opinion/},
journal={Ukandeu.ac.uk},
author={Curtice, Portes},
year={2017}
},

@misc{69_statistics_from_2010_election,
url={https://www.whatdotheyknow.com/request/statistics_from_2010_election},
journal={WhatDoTheyKnow},
year={2017}
},

@misc{70_what_price_democracy_counting_the_cost_of_uk_elections,
url={http://www.bbc.co.uk/news/uk-politics-24842147},
journal={BBC News},
year={2017}
},

@misc{71_arthur_2017,
title={Counting the cost electronically},
url={https://www.theguardian.com/technology/2009/sep/30/electronic-vote-counting},
journal={the Guardian},
author={Arthur, Charles},
year={2017}
},

@misc{72_voter_turnout_at_uk_general_elections,
url={http://www.ukpolitical.info/Turnout45.htm},
journal={Ukpolitical.info},
year={2017}
},

@misc{73_wood_2017,
title={ETHEREUM: A SECURE DECENTRALISED GENERALISED TRANSACTION LEDGER EIP-150 REVISION},
url={http://gavwood.com/paper.pdf},
author={Wood, Gavin},
year={2017}
},

@misc{74_ethereum_announces_unlimited_scalability_roadmap,
url={https://www.cryptocoinsnews.com/ethereum-announces-unlimited-scalability-roadmap/},
journal={CryptoCoinsNews},
year={2017}
},

@misc{75_eip_105,
url={https://github.com/ethereum/EIPs/issues/53},
journal={GitHub},
year={2017}
},


@misc{76_chan_liu_xeu_2013,
title={Analyzing the Bitcoin Transaction Graph: A Look at Mixers and Traceability},
url={https://css.csail.mit.edu/6.858/2013/projects/jeffchan-exue-tanyaliu.pdf},
author={Chan, Jeff and Liu, Tanya and Xeu, Eddie},
year={2013}
},
